<collection xmlns="http://www.loc.gov/MARC21/slim"><record><leader>00689nam  2200217   450</leader><controlfield tag="001">1008</controlfield><controlfield tag="003">http://montalegre.opacnet.com/OPAC/default.aspx?ContentAreaControl=ShowRegHoldings.ascx&amp;RegNo=16662</controlfield><datafield tag="010" ind1=" " ind2=" "><subfield code="a">972-22-2423-9</subfield></datafield><datafield tag="021" ind1=" " ind2=" "><subfield code="a">PT 228729/05</subfield></datafield><datafield tag="100" ind1=" " ind2=" "><subfield code="a">20061013d2005----k  y0pory0103    ba</subfield></datafield><datafield tag="101" ind1="0" ind2=" "><subfield code="a">por</subfield><subfield code="c">eng</subfield></datafield><datafield tag="102" ind1=" " ind2=" "><subfield code="a">PT</subfield></datafield><datafield tag="200" ind1="1" ind2=" "><subfield code="a">&lt;Um &gt;dia ventoso</subfield><subfield code="g">trad. de Margarida de Andrade</subfield></datafield><datafield tag="210" ind1=" " ind2=" "><subfield code="a">Lisboa</subfield><subfield code="c">Verbo</subfield><subfield code="d">2005</subfield></datafield><datafield tag="215" ind1=" " ind2=" "><subfield code="a">[30]p.</subfield><subfield code="d">23cm</subfield></datafield><datafield tag="225" ind1="2" ind2=" "><subfield code="a">Abram alas para o Noddy</subfield><subfield code="v">3</subfield></datafield><datafield tag="675" ind1=" " ind2=" "><subfield code="a">087.5</subfield><subfield code="v">BN</subfield><subfield code="z">por</subfield></datafield><datafield tag="702" ind1=" " ind2="1"><subfield code="a">Andrade</subfield><subfield code="b">Margarida</subfield><subfield code="4">730</subfield></datafield><datafield tag="702" ind1=" " ind2="1"><subfield code="a">Blyton</subfield><subfield code="b">Enid Mary</subfield><subfield code="f">1897-1968</subfield></datafield><datafield tag="801" ind1=" " ind2="0"><subfield code="a">PT</subfield><subfield code="b">Biblioteca Municipal de Montalegre</subfield><subfield code="g">RPC</subfield></datafield><datafield tag="856" ind1=" " ind2=" "><subfield code="u">locateMedia.asp?cod=20060706114210&amp;ext=jpg</subfield><subfield code="z">CAPA</subfield></datafield><datafield tag="909" ind1="&#9;" ind2=" "><subfield code="a">1</subfield></datafield><datafield tag="966" ind1=" " ind2=" "><subfield code="a">0016772</subfield><subfield code="l">BMM</subfield><subfield code="s">SI 087.5 AND dia 3</subfield></datafield></record></collection>